<record><leader>00000cas a22000007a 4500</leader><controlfield tag="001">12373146</controlfield><controlfield tag="008">850812d19851993meuwr ne      0   a0eng d</controlfield><datafield ind1=" " ind2=" " tag="010"><subfield code="a">sn 85006786 </subfield></datafield><datafield ind1=" " ind2=" " tag="040"><subfield code="a">NSD</subfield><subfield code="b">eng</subfield><subfield code="c">NSD</subfield><subfield code="d">MBN</subfield><subfield code="d">OCLCQ</subfield><subfield code="d">OCLCF</subfield><subfield code="d">OCLCO</subfield></datafield><datafield ind1=" " ind2=" " tag="012"><subfield code="m">1</subfield></datafield><datafield ind1="1" ind2=" " tag="022"><subfield code="a">8750-961X</subfield><subfield code="l">8750-961X</subfield><subfield code="2">1</subfield></datafield><datafield ind1=" " ind2=" " tag="032"><subfield code="a">165780</subfield><subfield code="b">USPS</subfield></datafield><datafield ind1=" " ind2=" " tag="037"><subfield code="b">The Eastern Gazette, Rear Main St., Dexter, Me. 04930</subfield></datafield><datafield ind1=" " ind2=" " tag="042"><subfield code="a">nsdp</subfield></datafield><datafield ind1=" " ind2=" " tag="043"><subfield code="a">n-us-me</subfield></datafield><datafield ind1="0" ind2=" " tag="130"><subfield code="a">Eastern gazette (Dexter, Me. : 1985)</subfield></datafield><datafield ind1=" " ind2="4" tag="222"><subfield code="a">The Eastern gazette</subfield><subfield code="b">(1985)</subfield></datafield><datafield ind1="1" ind2="4" tag="245"><subfield code="a">The Eastern gazette.</subfield></datafield><datafield ind1=" " ind2=" " tag="260"><subfield code="a">Dexter, Me. :</subfield><subfield code="b">Eastern Gazette</subfield></datafield><datafield ind1=" " ind2=" " tag="310"><subfield code="a">Weekly</subfield></datafield><datafield ind1="0" ind2=" " tag="362"><subfield code="a">Vol. 131, no. 11 (Mar. 13, 1985)-v. 139, no. 12 (Mar. 22, 1993).</subfield></datafield><datafield ind1=" " ind2="0" tag="651"><subfield code="a">Dexter (Me.)</subfield><subfield code="v">Newspapers.</subfield></datafield><datafield ind1=" " ind2="7" tag="655"><subfield code="a">Newspapers.</subfield><subfield code="2">fast</subfield><subfield code="0">(OCoLC)fst01423814</subfield></datafield><datafield ind1=" " ind2="7" tag="651"><subfield code="a">Maine</subfield><subfield code="z">Dexter.</subfield><subfield code="2">fast</subfield><subfield code="0">(OCoLC)fst01227913</subfield></datafield><datafield ind1=" " ind2=" " tag="752"><subfield code="a">United States</subfield><subfield code="b">Maine</subfield><subfield code="c">Penobscot</subfield><subfield code="d">Dexter.</subfield></datafield><datafield ind1="0" ind2="0" tag="780"><subfield code="t">Gazette (Dexter, Me.)</subfield><subfield code="w">(DLC)sn 97070807</subfield></datafield><datafield ind1="0" ind2="0" tag="785"><subfield code="t">Eastern gazette your hometown advantage</subfield><subfield code="w">(DLC)sn 95067985</subfield></datafield><datafield ind1=" " ind2=" " tag="936"><subfield code="a">Mar. 13, 1985</subfield></datafield></record>